@book{colton1998inverse,
  title={Inverse acoustic and electromagnetic scattering theory},
  author={Colton, David L and Kress, Rainer},
  volume={93},
  edition = {Fourth},
  year={2019},
  publisher={Springer}
}
